{
  "leader": "03370cam a2200445 a 4500",
  "fields": [
    {
      "001": "ocm32395903\\"
    },
    {
      "003": "OCoLC"
    },
    {
      "005": "20221228111225.0"
    },
    {
      "008": "950331s1995\\\\\\\\ctua\\\\\\\\\\be\\\\\\001\\0\\eng\\\\"
    },
    {
      "010": {
        "ind1": "\\",
        "ind2": "\\",
        "subfields": [
          {
            "a": "   95002811 "
          }
        ]
      }
    },
    {
      "040": {
        "ind1": "\\",
        "ind2": "\\",
        "subfields": [
          {
            "a": "DLC"
          },
          {
            "b": "eng"
          },
          {
            "c": "DLC"
          },
          {
            "d": "UKM"
          },
          {
            "d": "NLGGC"
          },
          {
            "d": "BAKER"
          },
          {
            "d": "BTCTA"
          },
          {
            "d": "LVB"
          },
          {
            "d": "YDXCP"
          },
          {
            "d": "UKV3G"
          },
          {
            "d": "CPE"
          },
          {
            "d": "UAB"
          },
          {
            "d": "HEBIS"
          },
          {
            "d": "TULIB"
          },
          {
            "d": "BDX"
          },
          {
            "d": "OCLCO"
          },
          {
            "d": "OCLCF"
          },
          {
            "d": "VVL"
          },
          {
            "d": "DEBSZ"
          },
          {
            "d": "OCLCQ"
          },
          {
            "d": "OCLCO"
          },
          {
            "d": "FHL"
          },
          {
            "d": "OCLCQ"
          },
          {
            "d": "XFF"
          },
          {
            "d": "OCLCQ"
          },
          {
            "d": "I8M"
          },
          {
            "d": "OCLCO"
          },
          {
            "d": "CSA"
          },
          {
            "d": "PAU"
          },
          {
            "d": "AVA"
          },
          {
            "d": "OCLCQ"
          },
          {
            "d": "TFW"
          },
          {
            "d": "VBO"
          },
          {
            "d": "OCLCO"
          },
          {
            "d": "GILDS"
          },
          {
            "d": "CNO"
          },
          {
            "d": "WCM"
          },
          {
            "d": "FCE"
          },
          {
            "d": "OCLCO"
          },
          {
            "d": "CSO"
          },
          {
            "d": "CPO"
          },
          {
            "d": "OCLCO"
          },
          {
            "d": "JDP"
          },
          {
            "d": "OCLCO"
          },
          {
            "d": "CBA"
          },
          {
            "d": "TYC"
          },
          {
            "d": "OCLCO"
          },
          {
            "d": "OCLCQ"
          },
          {
            "d": "OCLCA"
          },
          {
            "d": "GOU"
          },
          {
            "d": "OCLCO"
          },
          {
            "d": "CSB"
          }
        ]
      }
    },
    {
      "019": {
        "ind1": "\\",
        "ind2": "\\",
        "subfields": [
          {
            "a": "36590021"
          },
          {
            "a": "60293788"
          },
          {
            "a": "975290337"
          },
          {
            "a": "1000684187"
          },
          {
            "a": "1008401256"
          },
          {
            "a": "1037269006"
          },
          {
            "a": "1038111220"
          },
          {
            "a": "1049724923"
          },
          {
            "a": "1057109455"
          },
          {
            "a": "1059476549"
          },
          {
            "a": "1109147339"
          },
          {
            "a": "1167012341"
          }
        ]
      }
    },
    {
      "020": {
        "ind1": "\\",
        "ind2": "\\",
        "subfields": [
          {
            "a": "0300055366"
          },
          {
            "q": "(hc ;"
          },
          {
            "q": "alk. paper)"
          }
        ]
      }
    },
    {
      "020": {
        "ind1": "\\",
        "ind2": "\\",
        "subfields": [
          {
            "a": "9780300055368"
          },
          {
            "q": "(hc ;"
          },
          {
            "q": "alk. paper)"
          }
        ]
      }
    },
    {
      "035": {
        "ind1": "\\",
        "ind2": "\\",
        "subfields": [
          {
            "a": "(OCoLC)32395903"
          },
          {
            "z": "(OCoLC)36590021"
          },
          {
            "z": "(OCoLC)60293788"
          },
          {
            "z": "(OCoLC)975290337"
          },
          {
            "z": "(OCoLC)1000684187"
          },
          {
            "z": "(OCoLC)1008401256"
          },
          {
            "z": "(OCoLC)1037269006"
          },
          {
            "z": "(OCoLC)1038111220"
          },
          {
            "z": "(OCoLC)1049724923"
          },
          {
            "z": "(OCoLC)1057109455"
          },
          {
            "z": "(OCoLC)1059476549"
          },
          {
            "z": "(OCoLC)1109147339"
          },
          {
            "z": "(OCoLC)1167012341"
          }
        ]
      }
    },
    {
      "043": {
        "ind1": "\\",
        "ind2": "\\",
        "subfields": [
          {
            "a": "n-us-ny"
          }
        ]
      }
    },
    {
      "050": {
        "ind1": "0",
        "ind2": "0",
        "subfields": [
          {
            "a": "F128.3"
          },
          {
            "b": ".E75 1995"
          }
        ]
      }
    },
    {
      "060": {
        "ind1": "\\",
        "ind2": "4",
        "subfields": [
          {
            "a": "F128.3"
          },
          {
            "b": ".E75 1995"
          }
        ]
      }
    },
    {
      "082": {
        "ind1": "0",
        "ind2": "0",
        "subfields": [
          {
            "a": "974.71003"
          },
          {
            "b": "ENC"
          }
        ]
      }
    },
    {
      "245": {
        "ind1": "0",
        "ind2": "4",
        "subfields": [
          {
            "a": "The encyclopedia of New York City /"
          },
          {
            "c": "edited by Kenneth T. Jackson."
          }
        ]
      }
    },
    {
      "260": {
        "ind1": "\\",
        "ind2": "\\",
        "subfields": [
          {
            "a": "New Haven, Conn. :"
          },
          {
            "b": "Yale University Press ;"
          },
          {
            "a": "New York :"
          },
          {
            "b": "New-York Historical Society,"
          },
          {
            "c": "\u00a91995."
          }
        ]
      }
    },
    {
      "300": {
        "ind1": "\\",
        "ind2": "\\",
        "subfields": [
          {
            "a": "xxi, 1350 pages :"
          },
          {
            "b": "illustrations ;"
          },
          {
            "c": "29 cm"
          }
        ]
      }
    },
    {
      "336": {
        "ind1": "\\",
        "ind2": "\\",
        "subfields": [
          {
            "a": "text"
          },
          {
            "b": "txt"
          },
          {
            "2": "rdacontent"
          }
        ]
      }
    },
    {
      "337": {
        "ind1": "\\",
        "ind2": "\\",
        "subfields": [
          {
            "a": "unmediated"
          },
          {
            "b": "n"
          },
          {
            "2": "rdamedia"
          }
        ]
      }
    },
    {
      "338": {
        "ind1": "\\",
        "ind2": "\\",
        "subfields": [
          {
            "a": "volume"
          },
          {
            "b": "nc"
          },
          {
            "2": "rdacarrier"
          }
        ]
      }
    },
    {
      "504": {
        "ind1": "\\",
        "ind2": "\\",
        "subfields": [
          {
            "a": "Includes bibliographical references and index."
          }
        ]
      }
    },
    {
      "520": {
        "ind1": "\\",
        "ind2": "\\",
        "subfields": [
          {
            "a": "Everything you've ever wanted to know about the nation's most fascinating city is now available in this authoritative and entertaining one-volume encyclopedia. The only comprehensive reference work on New York City ever compiled, it covers subjects throughout the five boroughs from prehistory to the present. The encyclopedia contains more than 4300 alphabetically arranged entries by more than 650 contributors, along with nearly 700 illustrations and maps, many of which are previously unpublished. A wide range of topics is covered: architecture, government and politics, business, religion, weather, the arts, education, transport, the law, science and medicine, and sports and recreation. Entries reflect the city's colorful past and present, describing hundreds of neighborhoods and immigrant groups as well as more than a thousand figures from all fields and historical periods."
          }
        ]
      }
    },
    {
      "520": {
        "ind1": "8",
        "ind2": "\\",
        "subfields": [
          {
            "a": "The encyclopedia displays the richness and diversity of New York City as they have never before been documented. Overseen by an editorial board composed of distinguished scholars and experts and edited by one of the leading urban historians in the nation, it is an indispensable resource for residents and visitors alike."
          }
        ]
      }
    },
    {
      "651": {
        "ind1": "\\",
        "ind2": "0",
        "subfields": [
          {
            "a": "New York (N.Y.)"
          },
          {
            "v": "Encyclopedias."
          }
        ]
      }
    },
    {
      "651": {
        "ind1": "\\",
        "ind2": "2",
        "subfields": [
          {
            "a": "New York (N.Y.)"
          }
        ]
      }
    },
    {
      "651": {
        "ind1": "\\",
        "ind2": "7",
        "subfields": [
          {
            "a": "New York (State)"
          },
          {
            "z": "New York."
          },
          {
            "2": "fast"
          },
          {
            "0": "(OCoLC)fst01204333"
          }
        ]
      }
    },
    {
      "655": {
        "ind1": "\\",
        "ind2": "2",
        "subfields": [
          {
            "a": "Encyclopedia"
          }
        ]
      }
    },
    {
      "655": {
        "ind1": "\\",
        "ind2": "7",
        "subfields": [
          {
            "a": "Encyclopedias."
          },
          {
            "2": "fast"
          },
          {
            "0": "(OCoLC)fst01423798"
          }
        ]
      }
    },
    {
      "655": {
        "ind1": "\\",
        "ind2": "7",
        "subfields": [
          {
            "a": "Encyclopedias."
          },
          {
            "2": "lcgft"
          }
        ]
      }
    },
    {
      "700": {
        "ind1": "1",
        "ind2": "\\",
        "subfields": [
          {
            "a": "Jackson, Kenneth T."
          }
        ]
      }
    },
    {
      "710": {
        "ind1": "2",
        "ind2": "\\",
        "subfields": [
          {
            "a": "New-York Historical Society."
          }
        ]
      }
    },
    {
      "856": {
        "ind1": "4",
        "ind2": "\\",
        "subfields": [
          {
            "3": "Rezension"
          },
          {
            "u": "http://www.bsz-bw.de/depot/media/3400000/3421000/3421308/99_0431.html"
          }
        ]
      }
    },
    {
      "994": {
        "ind1": "\\",
        "ind2": "\\",
        "subfields": [
          {
            "a": "Z0"
          },
          {
            "b": "NYRVC"
          }
        ]
      }
    },
    {
      "948": {
        "ind1": "\\",
        "ind2": "\\",
        "subfields": [
          {
            "h": "NO HOLDINGS IN NYRVC - 982 OTHER HOLDINGS"
          }
        ]
      }
    },
    {
      "999": {
        "ind1": "\\",
        "ind2": "\\",
        "subfields": [
          {
            "a": "no barcode"
          }
        ]
      }
    }
  ]
}